@inproceedings{claerboutElectronicDocumentsGive1992,
  langid = {english},
  title = {Electronic Documents Give Reproducible Research a New Meaning},
  doi = {10.1190/1.1822162},
  eventtitle = {{{SEG Technical Program Expanded Abstracts}} 1992},
  booktitle = {{{SEG Technical Program Expanded Abstracts}} 1992},
  publisher = {{Society of Exploration Geophysicists}},
  urldate = {2019-08-29},
  date = {1992-01},
  pages = {601-604},
  author = {Claerbout, Jon F. and Karrenbach, Martin}
}

@report{peikertReproducibleDataAnalysis2019,
  title = {A {{Reproducible Data Analysis Workflow}} with {{R Markdown}}, {{Git}}, {{Make}}, and {{Docker}}},
  author = {Peikert, Aaron and Brandmaier, Andreas Markus},
  date = {2019-11-11},
  institution = {{PsyArXiv}},
  doi = {10.31234/osf.io/8xzqy},
  url = {https://osf.io/8xzqy},
  urldate = {2020-03-11},
  type = {preprint}
}
